@InBook{HRW:2000:Fyzika,
author = "Halliday, David and Walker, Jearl and
Resnick, Robert",
title = "Fyzika",
subtitle = "vysokoškolská učebnice obecné fyzikyěščřžýáíéůú",
publisher = "VUTIUM",
address = "Brno",
year = "2000",
edition = "1",
chapter = "Kapitola 43, Jaderná fyzika",
pages = "1129-1153",
volume = "Část 5 -- Moderní fyzika",
isbn = "80-214-1868-0",
}
